@article{henrick2005mapped,
  title     = {Mapped weighted essentially non-oscillatory schemes: achieving optimal order near critical points},
  author    = {Henrick, Andrew K and Aslam, Tariq D and Powers, Joseph M},
  journal   = {Journal of Computational Physics},
  volume    = {207},
  number    = {2},
  pages     = {542--567},
  year      = {2005},
  publisher = {Elsevier}
}

@article{jiang1996efficient,
  title     = {Efficient implementation of weighted ENO schemes},
  author    = {Jiang, Guang-Shan and Shu, Chi-Wang},
  journal   = {Journal of computational physics},
  volume    = {126},
  number    = {1},
  pages     = {202--228},
  year      = {1996},
  publisher = {Elsevier}
}

@article{hu1999weighted,
  title     = {Weighted essentially non-oscillatory schemes on triangular meshes},
  author    = {Hu, Changqing and Shu, Chi-Wang},
  journal   = {Journal of Computational Physics},
  volume    = {150},
  number    = {1},
  pages     = {97--127},
  year      = {1999},
  publisher = {Elsevier}
}

@article{crow1971orderly,
  title     = {Orderly structure in jet turbulence},
  author    = {Crow, S Cj and Champagne, FH},
  journal   = {Journal of fluid mechanics},
  volume    = {48},
  number    = {3},
  pages     = {547--591},
  year      = {1971},
  publisher = {Cambridge University Press}
}

@article{abreu2020spectral,
  title     = {Spectral proper orthogonal decomposition and resolvent analysis of near-wall coherent structures in turbulent pipe flows},
  author    = {Abreu, Leandra I and Cavalieri, Andr{\'e} VG and Schlatter, Philipp and Vinuesa, Ricardo and Henningson, Dan S},
  journal   = {Journal of Fluid Mechanics},
  volume    = {900},
  pages     = {A11},
  year      = {2020},
  publisher = {Cambridge University Press}
}

@article{akamine2019conditional,
  title     = {Conditional sampling analysis of high-speed schlieren movies of Mach wave radiation in a supersonic jet},
  author    = {Akamine, Masahito and Okamoto, Koji and Teramoto, Susumu and Tsutsumi, Seiji},
  journal   = {The Journal of the Acoustical Society of America},
  volume    = {145},
  number    = {1},
  pages     = {EL122--EL128},
  year      = {2019},
  publisher = {Acoustical Society of America}
}

@article{baqui2015coherence,
  title     = {A coherence-matched linear source mechanism for subsonic jet noise},
  author    = {Baqui, Yamin B and Agarwal, Anurag and Cavalieri, Andr{\'e} VG and Sinayoko, Samuel},
  journal   = {Journal of Fluid Mechanics},
  volume    = {776},
  pages     = {235--267},
  year      = {2015},
  publisher = {Cambridge University Press}
}

@article{battelino1988multiple,
  title     = {Multiple coexisting attractors, basin boundaries and basic sets},
  author    = {Battelino, Peter M and Grebogi, Celso and Ott, Edward and Yorke, James A and Yorke, Ellen D},
  journal   = {Physica D: Nonlinear Phenomena},
  volume    = {32},
  number    = {2},
  pages     = {296--305},
  year      = {1988},
  publisher = {Elsevier}
}

@article{bogey2019noise,
  title     = {On noise generation in low Reynolds number temporal round jets at a Mach number of 0.9},
  author    = {Bogey, Christophe},
  journal   = {Journal of Fluid Mechanics},
  volume    = {859},
  pages     = {1022--1056},
  year      = {2019},
  publisher = {Cambridge University Press}
}

@article{bogey2010influence,
  title     = {Influence of nozzle-exit boundary-layer conditions on the flow and acoustic fields of initially laminar jets},
  author    = {Bogey, Christophe and Bailly, Christophe},
  journal   = {Journal of Fluid Mechanics},
  volume    = {663},
  pages     = {507--538},
  year      = {2010},
  publisher = {Cambridge University Press}
}


@article{bres2018importance,
  title     = {Importance of the nozzle-exit boundary-layer state in subsonic turbulent jets},
  author    = {Br{\`e}s, Guillaume A and Jordan, Peter and Jaunet, Vincent and Le Rallic, Maxime and Cavalieri, Andr{\'e} VG and Towne, Aaron and Lele, Sanjiva K and Colonius, Tim and Schmidt, Oliver T},
  journal   = {Journal of Fluid Mechanics},
  volume    = {851},
  pages     = {83--124},
  year      = {2018},
  publisher = {Cambridge University Press}
}

@article{bridges1987roles,
  title     = {Roles of initial condition and vortex pairing in jet noise},
  author    = {Bridges, JE and Hussain, AKMF},
  journal   = {Journal of Sound and Vibration},
  volume    = {117},
  number    = {2},
  pages     = {289--311},
  year      = {1987},
  publisher = {Elsevier}
}

@article{brown1974density,
  title     = {On density effects and large structure in turbulent mixing layers},
  author    = {Brown, Garry L and Roshko, Anatol},
  journal   = {Journal of Fluid Mechanics},
  volume    = {64},
  number    = {4},
  pages     = {775--816},
  year      = {1974},
  publisher = {Cambridge University Press}
}

@article{cavalieri2021structure,
  title     = {Structure interactions in a reduced-order model for wall-bounded turbulence},
  author    = {Cavalieri, Andr{\'e} VG},
  journal   = {Physical Review Fluids},
  volume    = {6},
  number    = {3},
  pages     = {034610},
  year      = {2021},
  publisher = {APS}
}

@article{cavalieri2011jittering,
  title     = {Jittering wave-packet models for subsonic jet noise},
  author    = {Cavalieri, Andr{\'e} VG and Jordan, Peter and Agarwal, Anurag and Gervais, Yves},
  journal   = {Journal of Sound and Vibration},
  volume    = {330},
  number    = {18-19},
  pages     = {4474--4492},
  year      = {2011},
  publisher = {Elsevier}
}

@article{cavalieri2019wave,
  title     = {Wave-packet models for jet dynamics and sound radiation},
  author    = {Cavalieri, Andr{\'e} VG and Jordan, Peter and Lesshafft, Lutz},
  journal   = {Applied Mechanics Reviews},
  volume    = {71},
  number    = {2},
  year      = {2019},
  publisher = {American Society of Mechanical Engineers Digital Collection}
}

@article{cavalieri2013wavepackets,
  title     = {Wavepackets in the velocity field of turbulent jets},
  author    = {Cavalieri, Andr{\'e} VG and Rodr{\'\i}guez, Daniel and Jordan, Peter and Colonius, Tim and Gervais, Yves},
  journal   = {Journal of fluid mechanics},
  volume    = {730},
  pages     = {559--592},
  year      = {2013},
  publisher = {Cambridge University Press}
}

@article{chandler2013invariant,
  title     = {Invariant recurrent solutions embedded in a turbulent two-dimensional Kolmogorov flow},
  author    = {Chandler, Gary J and Kerswell, Rich R},
  journal   = {Journal of Fluid Mechanics},
  volume    = {722},
  pages     = {554--595},
  year      = {2013},
  publisher = {Cambridge University Press}
}

@article{chantry2016turbulent,
  title     = {Turbulent--laminar patterns in shear flows without walls},
  author    = {Chantry, Matthew and Tuckerman, Laurette S and Barkley, Dwight},
  journal   = {Journal of Fluid Mechanics},
  volume    = {791},
  pages     = {R8},
  year      = {2016},
  publisher = {Cambridge University Press}
}

@article{chantry2017universal,
  title     = {Universal continuous transition to turbulence in a planar shear flow},
  author    = {Chantry, Matthew and Tuckerman, Laurette S and Barkley, Dwight},
  journal   = {Journal of Fluid Mechanics},
  volume    = {824},
  pages     = {R1},
  year      = {2017},
  publisher = {Cambridge University Press}
}

@article{chian2005attractor,
  title     = {Attractor merging crisis in chaotic business cycles},
  author    = {Chian, Abraham C-L and Borotto, Felix A and Rempel, Erico L and Rogers, Colin},
  journal   = {Chaos, Solitons \& Fractals},
  volume    = {24},
  number    = {3},
  pages     = {869--875},
  year      = {2005},
  publisher = {Elsevier}
}

@article{cohen1987evolution,
  title     = {The evolution of instabilities in the axisymmetric jet. Part 1. The linear growth of disturbances near the nozzle},
  author    = {Cohen, J and Wygnanski, I},
  journal   = {Journal of Fluid Mechanics},
  volume    = {176},
  pages     = {191--219},
  year      = {1987},
  publisher = {Cambridge University Press}
}

@article{crighton1976stability,
  title     = {Stability of slowly diverging jet flow},
  author    = {Crighton, DG and Gaster, M},
  journal   = {Journal of Fluid Mechanics},
  volume    = {77},
  number    = {2},
  pages     = {397--413},
  year      = {1976},
  publisher = {Cambridge University Press}
}

@article{cvitanovic1989periodic,
  title     = {Periodic-orbit quantization of chaotic systems},
  author    = {Cvitanovi{\'c}, Predrag and Eckhardt, Bruno},
  journal   = {Physical review letters},
  volume    = {63},
  number    = {8},
  pages     = {823},
  year      = {1989},
  publisher = {APS}
}

@article{del2006linear,
  title     = {Linear energy amplification in turbulent channels},
  author    = {Del Alamo, Juan C and Jimenez, Javier},
  journal   = {Journal of Fluid Mechanics},
  volume    = {559},
  pages     = {205--213},
  year      = {2006},
  publisher = {Cambridge University Press}
}

@article{duguet2013minimal,
  title     = {Minimal transition thresholds in plane Couette flow},
  author    = {Duguet, Yohann and Monokrousos, Antonios and Brandt, Luca and Henningson, Dan S},
  journal   = {Physics of Fluids},
  volume    = {25},
  number    = {8},
  pages     = {084103},
  year      = {2013},
  publisher = {American Institute of Physics}
}


@article{garnaud2013preferred,
  title     = {The preferred mode of incompressible jets: linear frequency response analysis},
  author    = {Garnaud, Xavier and Lesshafft, Lutz and Schmid, PJ and Huerre, Patrick},
  journal   = {Journal of Fluid Mechanics},
  volume    = {716},
  pages     = {189--202},
  year      = {2013},
  publisher = {Cambridge University Press}
}

@article{nagata1990three,
  title     = {Three-dimensional finite-amplitude solutions in plane Couette flow: bifurcation from infinity},
  author    = {Nagata, Masato},
  journal   = {Journal of Fluid Mechanics},
  volume    = {217},
  pages     = {519--527},
  year      = {1990},
  publisher = {Cambridge University Press}
}


@article{schmidt2018spectral,
  title     = {Spectral analysis of jet turbulence},
  author    = {Schmidt, Oliver T and Towne, Aaron and Rigas, Georgios and Colonius, Tim and Br{\`e}s, Guillaume A},
  journal   = {Journal of Fluid Mechanics},
  volume    = {855},
  pages     = {953--982},
  year      = {2018},
  publisher = {Cambridge University Press}
}

@article{lesshafft2019resolvent,
  title     = {Resolvent-based modeling of coherent wave packets in a turbulent jet},
  author    = {Lesshafft, Lutz and Semeraro, Onofrio and Jaunet, Vincent and Cavalieri, Andr{\'e} VG and Jordan, Peter},
  journal   = {Physical Review Fluids},
  volume    = {4},
  number    = {6},
  pages     = {063901},
  year      = {2019},
  publisher = {APS}
}

@article{gibson2008visualizing,
  title     = {Visualizing the geometry of state space in plane Couette flow},
  author    = {Gibson, John F and Halcrow, Jonathan and Cvitanovi{\'c}, Predrag},
  journal   = {Journal of Fluid Mechanics},
  volume    = {611},
  pages     = {107--130},
  year      = {2008},
  publisher = {Cambridge University Press}
}

@article{nogueira2021dynamics,
  title     = {Dynamics of shear-layer coherent structures in a forced wall-bounded flow},
  author    = {Nogueira, Petr{\^o}nio AS and Cavalieri, Andr{\'e} VG},
  journal   = {Journal of Fluid Mechanics},
  volume    = {907},
  pages     = {A32},
  year      = {2021},
  publisher = {Cambridge University Press}
}

@article{waleffe1995transition,
  title     = {Transition in shear flows. Nonlinear normality versus non-normal linearity},
  author    = {Waleffe, Fabian},
  journal   = {Physics of Fluids},
  volume    = {7},
  number    = {12},
  pages     = {3060--3066},
  year      = {1995},
  publisher = {American Institute of Physics}
}