@article{avron1998odd,
  title={Odd viscosity},
  author={Avron, JE},
  journal={Journal of statistical physics},
  volume={92},
  pages={543--557},
  year={1998},
  publisher={Springer}
}

@article{bal2019continuous,
  title     = {Continuous bulk and interface description of topological insulators},
  author    = {Bal, Guillaume},
  journal   = {Journal of Mathematical Physics},
  volume    = {60},
  number    = {8},
  pages     = {081506},
  year      = {2019},
  publisher = {AIP Publishing LLC}
}

@article{banerjee2017odd,
  title     = {Odd viscosity in chiral active fluids},
  author    = {Banerjee, Debarghya and Souslov, Anton and Abanov, Alexander G and Vitelli, Vincenzo},
  journal   = {Nature communications},
  volume    = {8},
  number    = {1},
  pages     = {1573},
  year      = {2017},
  publisher = {Nature Publishing Group UK London}
}

@article{tauber2019bulk,
  title     = {A bulk-interface correspondence for equatorial waves},
  author    = {Tauber, Cl{\'e}ment and Delplace, Pierre and Venaille, Antoine},
  journal   = {Journal of Fluid Mechanics},
  volume    = {868},
  pages     = {R2},
  year      = {2019},
  publisher = {Cambridge University Press}
}

@article{delplace2017topological,
  title     = {Topological origin of equatorial waves},
  author    = {Delplace, Pierre and Marston, JB and Venaille, Antoine},
  journal   = {Science},
  volume    = {358},
  number    = {6366},
  pages     = {1075--1077},
  year      = {2017},
  publisher = {American Association for the Advancement of Science}
}

@article{faure2019manifestation,
  title   = {Manifestation of the topological index formula in quantum waves and geophysical waves},
  author  = {Faure, Fr{\'e}d{\'e}ric},
  journal = {arXiv preprint arXiv:1901.10592},
  year    = {2019}
}

@article{faure2000topological,
  title     = {Topological Chern indices in molecular spectra},
  author    = {Faure, Fr{\'e}d{\'e}ric and Zhilinskii, Boris},
  journal   = {Physical review letters},
  volume    = {85},
  number    = {5},
  pages     = {960},
  year      = {2000},
  publisher = {APS}
}

@article{graf2013bulk,
  title     = {Bulk-edge correspondence for two-dimensional topological insulators},
  author    = {Graf, Gian Michele and Porta, Marcello},
  journal   = {Communications in Mathematical Physics},
  volume    = {324},
  pages     = {851--895},
  year      = {2013},
  publisher = {Springer}
}

@article{hatsugai1993chern,
  title     = {Chern number and edge states in the integer quantum Hall effect},
  author    = {Hatsugai, Yasuhiro},
  journal   = {Physical review letters},
  volume    = {71},
  number    = {22},
  pages     = {3697},
  year      = {1993},
  publisher = {APS}
}

@article{iga1995transition,
  title     = {Transition modes of rotating shallow water waves in a channel},
  author    = {Iga, Keita},
  journal   = {Journal of Fluid Mechanics},
  volume    = {294},
  pages     = {367--390},
  year      = {1995},
  publisher = {Cambridge University Press}
}

@article{matsuno1966quasi,
  title     = {Quasi-geostrophic motions in the equatorial area},
  author    = {Matsuno, Taroh},
  journal   = {Journal of the Meteorological Society of Japan. Ser. II},
  volume    = {44},
  number    = {1},
  pages     = {25--43},
  year      = {1966},
  publisher = {Meteorological Society of Japan}
}

@book{nakahara2003geometry,
  title     = {Geometry, topology and physics},
  author    = {Nakahara, Mikio},
  year      = {2003},
  publisher = {CRC press}
}

@article{perrot2018topological,
  title   = {Topological transition in stratified atmospheres},
  author  = {Perrot, Manolis and Delplace, Pierre and Venaille, Antoine},
  journal = {arXiv preprint arXiv:1810.03328},
  year    = {2018}
}

@article{shankar2017topological,
  title     = {Topological sound and flocking on curved surfaces},
  author    = {Shankar, Suraj and Bowick, Mark J and Marchetti, M Cristina},
  journal   = {Physical Review X},
  volume    = {7},
  number    = {3},
  pages     = {031039},
  year      = {2017},
  publisher = {APS}
}

@article{souslov2019topological,
  title     = {Topological waves in fluids with odd viscosity},
  author    = {Souslov, Anton and Dasbiswas, Kinjal and Fruchart, Michel and Vaikuntanathan, Suriyanarayanan and Vitelli, Vincenzo},
  journal   = {Physical review letters},
  volume    = {122},
  number    = {12},
  pages     = {128001},
  year      = {2019},
  publisher = {APS}
}

@article{souslov2017topological,
  title     = {Topological sound in active-liquid metamaterials},
  author    = {Souslov, Anton and Van Zuiden, Benjamin C and Bartolo, Denis and Vitelli, Vincenzo},
  journal   = {Nature Physics},
  volume    = {13},
  number    = {11},
  pages     = {1091--1094},
  year      = {2017},
  publisher = {Nature Publishing Group UK London}
}

@book{vallis2017atmospheric,
  title     = {Atmospheric and oceanic fluid dynamics},
  author    = {Vallis, Geoffrey K},
  year      = {2017},
  publisher = {Cambridge University Press}
}

@article{volovik1988analogue,
  title   = {Analogue of quantum Hall effect in a superfluid 3 He film},
  author  = {Volovik, GE},
  journal = {Zhurnal Ehksperimental'noj i Teoreticheskoj Fiziki},
  volume  = {94},
  number  = {9},
  pages   = {123--137},
  year    = {1988}
}

@article{wiegmann2013hydrodynamics,
  title     = {Hydrodynamics of Euler incompressible fluid and the fractional quantum Hall effect},
  author    = {Wiegmann, PB},
  journal   = {Physical Review B},
  volume    = {88},
  number    = {24},
  pages     = {241305},
  year      = {2013},
  publisher = {APS}
}

@article{yang2015topological,
  title     = {Topological acoustics},
  author    = {Yang, Zhaoju and Gao, Fei and Shi, Xihang and Lin, Xiao and Gao, Zhen and Chong, Yidong and Zhang, Baile},
  journal   = {Physical review letters},
  volume    = {114},
  number    = {11},
  pages     = {114301},
  year      = {2015},
  publisher = {APS}
}
