@article{xiong2019numerical,
  title     = {Numerical study on the vortex-induced vibration of a circular cylinder in viscoelastic fluids},
  author    = {Xiong, Yongliang and Peng, Sai and Zhang, Mengqi and Yang, Dan},
  journal   = {Journal of Non-Newtonian Fluid Mechanics},
  volume    = {272},
  pages     = {104170},
  year      = {2019},
  publisher = {Elsevier}
}