@article{bastankhah2022vortex,
  title     = {A vortex sheet based analytical model of the curled wake behind yawed wind turbines},
  author    = {Bastankhah, Majid and Shapiro, Carl R and Shamsoddin, Sina and Gayme, Dennice F and Meneveau, Charles},
  journal   = {Journal of Fluid Mechanics},
  volume    = {933},
  pages     = {A2},
  year      = {2022},
  publisher = {Cambridge University Press}
}